%YAML 1.1
%TAG !u! tag:unity3d.com,2011:
--- !u!1 &1081666220322785738
GameObject:
  m_ObjectHideFlags: 0
  m_CorrespondingSourceObject: {fileID: 0}
  m_PrefabInstance: {fileID: 0}
  m_PrefabAsset: {fileID: 0}
  serializedVersion: 6
  m_Component:
  - component: {fileID: 2471882942306158570}
  m_Layer: 0
  m_Name: ProjectileBouquet
  m_TagString: Untagged
  m_Icon: {fileID: 0}
  m_NavMeshLayer: 0
  m_StaticEditorFlags: 0
  m_IsActive: 1
--- !u!4 &2471882942306158570
Transform:
  m_ObjectHideFlags: 0
  m_CorrespondingSourceObject: {fileID: 0}
  m_PrefabInstance: {fileID: 0}
  m_PrefabAsset: {fileID: 0}
  m_GameObject: {fileID: 1081666220322785738}
  m_LocalRotation: {x: 0, y: 0, z: 0, w: 1}
  m_LocalPosition: {x: 0, y: 0, z: 0}
  m_LocalScale: {x: 1, y: 1, z: 1}
  m_ConstrainProportionsScale: 0
  m_Children:
  - {fileID: 1735669009925832065}
  - {fileID: 828874198667426274}
  - {fileID: 2980420440401627864}
  - {fileID: 1015904653913493858}
  - {fileID: 2180870299787644669}
  - {fileID: 9018749833809680455}
  - {fileID: 4284696864049147862}
  - {fileID: 9010272567737959467}
  - {fileID: 2914572955709382801}
  m_Father: {fileID: 0}
  m_RootOrder: 0
  m_LocalEulerAnglesHint: {x: 0, y: 0, z: 0}
--- !u!1001 &462557784087548681
PrefabInstance:
  m_ObjectHideFlags: 0
  serializedVersion: 2
  m_Modification:
    m_TransformParent: {fileID: 2471882942306158570}
    m_Modifications:
    - target: {fileID: 4058147482480278645, guid: d003674dcb3b87d49bf5c678b641458b, type: 3}
      propertyPath: m_Name
      value: ProjectileBase (6)
      objectReference: {fileID: 0}
    - target: {fileID: 4403703232933690591, guid: d003674dcb3b87d49bf5c678b641458b, type: 3}
      propertyPath: m_Pivot.x
      value: 0.5
      objectReference: {fileID: 0}
    - target: {fileID: 4403703232933690591, guid: d003674dcb3b87d49bf5c678b641458b, type: 3}
      propertyPath: m_Pivot.y
      value: 0.5
      objectReference: {fileID: 0}
    - target: {fileID: 4403703232933690591, guid: d003674dcb3b87d49bf5c678b641458b, type: 3}
      propertyPath: m_RootOrder
      value: 6
      objectReference: {fileID: 0}
    - target: {fileID: 4403703232933690591, guid: d003674dcb3b87d49bf5c678b641458b, type: 3}
      propertyPath: m_AnchorMax.x
      value: 0.5
      objectReference: {fileID: 0}
    - target: {fileID: 4403703232933690591, guid: d003674dcb3b87d49bf5c678b641458b, type: 3}
      propertyPath: m_AnchorMax.y
      value: 0.5
      objectReference: {fileID: 0}
    - target: {fileID: 4403703232933690591, guid: d003674dcb3b87d49bf5c678b641458b, type: 3}
      propertyPath: m_AnchorMin.x
      value: 0.5
      objectReference: {fileID: 0}
    - target: {fileID: 4403703232933690591, guid: d003674dcb3b87d49bf5c678b641458b, type: 3}
      propertyPath: m_AnchorMin.y
      value: 0.5
      objectReference: {fileID: 0}
    - target: {fileID: 4403703232933690591, guid: d003674dcb3b87d49bf5c678b641458b, type: 3}
      propertyPath: m_SizeDelta.x
      value: 30
      objectReference: {fileID: 0}
    - target: {fileID: 4403703232933690591, guid: d003674dcb3b87d49bf5c678b641458b, type: 3}
      propertyPath: m_SizeDelta.y
      value: 30
      objectReference: {fileID: 0}
    - target: {fileID: 4403703232933690591, guid: d003674dcb3b87d49bf5c678b641458b, type: 3}
      propertyPath: m_LocalScale.x
      value: 0.2
      objectReference: {fileID: 0}
    - target: {fileID: 4403703232933690591, guid: d003674dcb3b87d49bf5c678b641458b, type: 3}
      propertyPath: m_LocalScale.y
      value: 0.2
      objectReference: {fileID: 0}
    - target: {fileID: 4403703232933690591, guid: d003674dcb3b87d49bf5c678b641458b, type: 3}
      propertyPath: m_LocalScale.z
      value: 0.2
      objectReference: {fileID: 0}
    - target: {fileID: 4403703232933690591, guid: d003674dcb3b87d49bf5c678b641458b, type: 3}
      propertyPath: m_LocalPosition.x
      value: 0
      objectReference: {fileID: 0}
    - target: {fileID: 4403703232933690591, guid: d003674dcb3b87d49bf5c678b641458b, type: 3}
      propertyPath: m_LocalPosition.y
      value: 0
      objectReference: {fileID: 0}
    - target: {fileID: 4403703232933690591, guid: d003674dcb3b87d49bf5c678b641458b, type: 3}
      propertyPath: m_LocalPosition.z
      value: 0
      objectReference: {fileID: 0}
    - target: {fileID: 4403703232933690591, guid: d003674dcb3b87d49bf5c678b641458b, type: 3}
      propertyPath: m_LocalRotation.w
      value: 0.9902681
      objectReference: {fileID: 0}
    - target: {fileID: 4403703232933690591, guid: d003674dcb3b87d49bf5c678b641458b, type: 3}
      propertyPath: m_LocalRotation.x
      value: 0
      objectReference: {fileID: 0}
    - target: {fileID: 4403703232933690591, guid: d003674dcb3b87d49bf5c678b641458b, type: 3}
      propertyPath: m_LocalRotation.y
      value: 0
      objectReference: {fileID: 0}
    - target: {fileID: 4403703232933690591, guid: d003674dcb3b87d49bf5c678b641458b, type: 3}
      propertyPath: m_LocalRotation.z
      value: -0.13917309
      objectReference: {fileID: 0}
    - target: {fileID: 4403703232933690591, guid: d003674dcb3b87d49bf5c678b641458b, type: 3}
      propertyPath: m_AnchoredPosition.x
      value: 0
      objectReference: {fileID: 0}
    - target: {fileID: 4403703232933690591, guid: d003674dcb3b87d49bf5c678b641458b, type: 3}
      propertyPath: m_AnchoredPosition.y
      value: 0
      objectReference: {fileID: 0}
    - target: {fileID: 4403703232933690591, guid: d003674dcb3b87d49bf5c678b641458b, type: 3}
      propertyPath: m_LocalEulerAnglesHint.x
      value: 0
      objectReference: {fileID: 0}
    - target: {fileID: 4403703232933690591, guid: d003674dcb3b87d49bf5c678b641458b, type: 3}
      propertyPath: m_LocalEulerAnglesHint.y
      value: 0
      objectReference: {fileID: 0}
    - target: {fileID: 4403703232933690591, guid: d003674dcb3b87d49bf5c678b641458b, type: 3}
      propertyPath: m_LocalEulerAnglesHint.z
      value: -16
      objectReference: {fileID: 0}
    - target: {fileID: 5461692938945643398, guid: d003674dcb3b87d49bf5c678b641458b, type: 3}
      propertyPath: speed
      value: 13
      objectReference: {fileID: 0}
    - target: {fileID: 5461692938945643398, guid: d003674dcb3b87d49bf5c678b641458b, type: 3}
      propertyPath: lifetime
      value: 0.3
      objectReference: {fileID: 0}
    - target: {fileID: 5461692938945643398, guid: d003674dcb3b87d49bf5c678b641458b, type: 3}
      propertyPath: damagePoints
      value: 2
      objectReference: {fileID: 0}
    m_RemovedComponents: []
  m_SourcePrefab: {fileID: 100100000, guid: d003674dcb3b87d49bf5c678b641458b, type: 3}
--- !u!224 &4284696864049147862 stripped
RectTransform:
  m_CorrespondingSourceObject: {fileID: 4403703232933690591, guid: d003674dcb3b87d49bf5c678b641458b, type: 3}
  m_PrefabInstance: {fileID: 462557784087548681}
  m_PrefabAsset: {fileID: 0}
--- !u!1001 &1459602078060230151
PrefabInstance:
  m_ObjectHideFlags: 0
  serializedVersion: 2
  m_Modification:
    m_TransformParent: {fileID: 2471882942306158570}
    m_Modifications:
    - target: {fileID: 4058147482480278645, guid: d003674dcb3b87d49bf5c678b641458b, type: 3}
      propertyPath: m_Name
      value: ProjectileBase (2)
      objectReference: {fileID: 0}
    - target: {fileID: 4403703232933690591, guid: d003674dcb3b87d49bf5c678b641458b, type: 3}
      propertyPath: m_Pivot.x
      value: 0.5
      objectReference: {fileID: 0}
    - target: {fileID: 4403703232933690591, guid: d003674dcb3b87d49bf5c678b641458b, type: 3}
      propertyPath: m_Pivot.y
      value: 0.5
      objectReference: {fileID: 0}
    - target: {fileID: 4403703232933690591, guid: d003674dcb3b87d49bf5c678b641458b, type: 3}
      propertyPath: m_RootOrder
      value: 2
      objectReference: {fileID: 0}
    - target: {fileID: 4403703232933690591, guid: d003674dcb3b87d49bf5c678b641458b, type: 3}
      propertyPath: m_AnchorMax.x
      value: 0.5
      objectReference: {fileID: 0}
    - target: {fileID: 4403703232933690591, guid: d003674dcb3b87d49bf5c678b641458b, type: 3}
      propertyPath: m_AnchorMax.y
      value: 0.5
      objectReference: {fileID: 0}
    - target: {fileID: 4403703232933690591, guid: d003674dcb3b87d49bf5c678b641458b, type: 3}
      propertyPath: m_AnchorMin.x
      value: 0.5
      objectReference: {fileID: 0}
    - target: {fileID: 4403703232933690591, guid: d003674dcb3b87d49bf5c678b641458b, type: 3}
      propertyPath: m_AnchorMin.y
      value: 0.5
      objectReference: {fileID: 0}
    - target: {fileID: 4403703232933690591, guid: d003674dcb3b87d49bf5c678b641458b, type: 3}
      propertyPath: m_SizeDelta.x
      value: 30
      objectReference: {fileID: 0}
    - target: {fileID: 4403703232933690591, guid: d003674dcb3b87d49bf5c678b641458b, type: 3}
      propertyPath: m_SizeDelta.y
      value: 30
      objectReference: {fileID: 0}
    - target: {fileID: 4403703232933690591, guid: d003674dcb3b87d49bf5c678b641458b, type: 3}
      propertyPath: m_LocalScale.x
      value: 0.2
      objectReference: {fileID: 0}
    - target: {fileID: 4403703232933690591, guid: d003674dcb3b87d49bf5c678b641458b, type: 3}
      propertyPath: m_LocalScale.y
      value: 0.2
      objectReference: {fileID: 0}
    - target: {fileID: 4403703232933690591, guid: d003674dcb3b87d49bf5c678b641458b, type: 3}
      propertyPath: m_LocalScale.z
      value: 0.2
      objectReference: {fileID: 0}
    - target: {fileID: 4403703232933690591, guid: d003674dcb3b87d49bf5c678b641458b, type: 3}
      propertyPath: m_LocalPosition.x
      value: 0
      objectReference: {fileID: 0}
    - target: {fileID: 4403703232933690591, guid: d003674dcb3b87d49bf5c678b641458b, type: 3}
      propertyPath: m_LocalPosition.y
      value: 0
      objectReference: {fileID: 0}
    - target: {fileID: 4403703232933690591, guid: d003674dcb3b87d49bf5c678b641458b, type: 3}
      propertyPath: m_LocalPosition.z
      value: 0
      objectReference: {fileID: 0}
    - target: {fileID: 4403703232933690591, guid: d003674dcb3b87d49bf5c678b641458b, type: 3}
      propertyPath: m_LocalRotation.w
      value: 0.9902681
      objectReference: {fileID: 0}
    - target: {fileID: 4403703232933690591, guid: d003674dcb3b87d49bf5c678b641458b, type: 3}
      propertyPath: m_LocalRotation.x
      value: 0
      objectReference: {fileID: 0}
    - target: {fileID: 4403703232933690591, guid: d003674dcb3b87d49bf5c678b641458b, type: 3}
      propertyPath: m_LocalRotation.y
      value: 0
      objectReference: {fileID: 0}
    - target: {fileID: 4403703232933690591, guid: d003674dcb3b87d49bf5c678b641458b, type: 3}
      propertyPath: m_LocalRotation.z
      value: 0.13917309
      objectReference: {fileID: 0}
    - target: {fileID: 4403703232933690591, guid: d003674dcb3b87d49bf5c678b641458b, type: 3}
      propertyPath: m_AnchoredPosition.x
      value: 0
      objectReference: {fileID: 0}
    - target: {fileID: 4403703232933690591, guid: d003674dcb3b87d49bf5c678b641458b, type: 3}
      propertyPath: m_AnchoredPosition.y
      value: 0
      objectReference: {fileID: 0}
    - target: {fileID: 4403703232933690591, guid: d003674dcb3b87d49bf5c678b641458b, type: 3}
      propertyPath: m_LocalEulerAnglesHint.x
      value: 0
      objectReference: {fileID: 0}
    - target: {fileID: 4403703232933690591, guid: d003674dcb3b87d49bf5c678b641458b, type: 3}
      propertyPath: m_LocalEulerAnglesHint.y
      value: 0
      objectReference: {fileID: 0}
    - target: {fileID: 4403703232933690591, guid: d003674dcb3b87d49bf5c678b641458b, type: 3}
      propertyPath: m_LocalEulerAnglesHint.z
      value: 16
      objectReference: {fileID: 0}
    - target: {fileID: 5461692938945643398, guid: d003674dcb3b87d49bf5c678b641458b, type: 3}
      propertyPath: speed
      value: 13
      objectReference: {fileID: 0}
    - target: {fileID: 5461692938945643398, guid: d003674dcb3b87d49bf5c678b641458b, type: 3}
      propertyPath: lifetime
      value: 0.3
      objectReference: {fileID: 0}
    - target: {fileID: 5461692938945643398, guid: d003674dcb3b87d49bf5c678b641458b, type: 3}
      propertyPath: damagePoints
      value: 2
      objectReference: {fileID: 0}
    m_RemovedComponents: []
  m_SourcePrefab: {fileID: 100100000, guid: d003674dcb3b87d49bf5c678b641458b, type: 3}
--- !u!224 &2980420440401627864 stripped
RectTransform:
  m_CorrespondingSourceObject: {fileID: 4403703232933690591, guid: d003674dcb3b87d49bf5c678b641458b, type: 3}
  m_PrefabInstance: {fileID: 1459602078060230151}
  m_PrefabAsset: {fileID: 0}
--- !u!1001 &1544660366808898638
PrefabInstance:
  m_ObjectHideFlags: 0
  serializedVersion: 2
  m_Modification:
    m_TransformParent: {fileID: 2471882942306158570}
    m_Modifications:
    - target: {fileID: 4058147482480278645, guid: d003674dcb3b87d49bf5c678b641458b, type: 3}
      propertyPath: m_Name
      value: ProjectileBase (8)
      objectReference: {fileID: 0}
    - target: {fileID: 4403703232933690591, guid: d003674dcb3b87d49bf5c678b641458b, type: 3}
      propertyPath: m_Pivot.x
      value: 0.5
      objectReference: {fileID: 0}
    - target: {fileID: 4403703232933690591, guid: d003674dcb3b87d49bf5c678b641458b, type: 3}
      propertyPath: m_Pivot.y
      value: 0.5
      objectReference: {fileID: 0}
    - target: {fileID: 4403703232933690591, guid: d003674dcb3b87d49bf5c678b641458b, type: 3}
      propertyPath: m_RootOrder
      value: 8
      objectReference: {fileID: 0}
    - target: {fileID: 4403703232933690591, guid: d003674dcb3b87d49bf5c678b641458b, type: 3}
      propertyPath: m_AnchorMax.x
      value: 0.5
      objectReference: {fileID: 0}
    - target: {fileID: 4403703232933690591, guid: d003674dcb3b87d49bf5c678b641458b, type: 3}
      propertyPath: m_AnchorMax.y
      value: 0.5
      objectReference: {fileID: 0}
    - target: {fileID: 4403703232933690591, guid: d003674dcb3b87d49bf5c678b641458b, type: 3}
      propertyPath: m_AnchorMin.x
      value: 0.5
      objectReference: {fileID: 0}
    - target: {fileID: 4403703232933690591, guid: d003674dcb3b87d49bf5c678b641458b, type: 3}
      propertyPath: m_AnchorMin.y
      value: 0.5
      objectReference: {fileID: 0}
    - target: {fileID: 4403703232933690591, guid: d003674dcb3b87d49bf5c678b641458b, type: 3}
      propertyPath: m_SizeDelta.x
      value: 30
      objectReference: {fileID: 0}
    - target: {fileID: 4403703232933690591, guid: d003674dcb3b87d49bf5c678b641458b, type: 3}
      propertyPath: m_SizeDelta.y
      value: 30
      objectReference: {fileID: 0}
    - target: {fileID: 4403703232933690591, guid: d003674dcb3b87d49bf5c678b641458b, type: 3}
      propertyPath: m_LocalScale.x
      value: 0.2
      objectReference: {fileID: 0}
    - target: {fileID: 4403703232933690591, guid: d003674dcb3b87d49bf5c678b641458b, type: 3}
      propertyPath: m_LocalScale.y
      value: 0.2
      objectReference: {fileID: 0}
    - target: {fileID: 4403703232933690591, guid: d003674dcb3b87d49bf5c678b641458b, type: 3}
      propertyPath: m_LocalScale.z
      value: 0.2
      objectReference: {fileID: 0}
    - target: {fileID: 4403703232933690591, guid: d003674dcb3b87d49bf5c678b641458b, type: 3}
      propertyPath: m_LocalPosition.x
      value: 0
      objectReference: {fileID: 0}
    - target: {fileID: 4403703232933690591, guid: d003674dcb3b87d49bf5c678b641458b, type: 3}
      propertyPath: m_LocalPosition.y
      value: 0
      objectReference: {fileID: 0}
    - target: {fileID: 4403703232933690591, guid: d003674dcb3b87d49bf5c678b641458b, type: 3}
      propertyPath: m_LocalPosition.z
      value: 0
      objectReference: {fileID: 0}
    - target: {fileID: 4403703232933690591, guid: d003674dcb3b87d49bf5c678b641458b, type: 3}
      propertyPath: m_LocalRotation.w
      value: 0.96126175
      objectReference: {fileID: 0}
    - target: {fileID: 4403703232933690591, guid: d003674dcb3b87d49bf5c678b641458b, type: 3}
      propertyPath: m_LocalRotation.x
      value: 0
      objectReference: {fileID: 0}
    - target: {fileID: 4403703232933690591, guid: d003674dcb3b87d49bf5c678b641458b, type: 3}
      propertyPath: m_LocalRotation.y
      value: 0
      objectReference: {fileID: 0}
    - target: {fileID: 4403703232933690591, guid: d003674dcb3b87d49bf5c678b641458b, type: 3}
      propertyPath: m_LocalRotation.z
      value: -0.27563733
      objectReference: {fileID: 0}
    - target: {fileID: 4403703232933690591, guid: d003674dcb3b87d49bf5c678b641458b, type: 3}
      propertyPath: m_AnchoredPosition.x
      value: 0
      objectReference: {fileID: 0}
    - target: {fileID: 4403703232933690591, guid: d003674dcb3b87d49bf5c678b641458b, type: 3}
      propertyPath: m_AnchoredPosition.y
      value: 0
      objectReference: {fileID: 0}
    - target: {fileID: 4403703232933690591, guid: d003674dcb3b87d49bf5c678b641458b, type: 3}
      propertyPath: m_LocalEulerAnglesHint.x
      value: 0
      objectReference: {fileID: 0}
    - target: {fileID: 4403703232933690591, guid: d003674dcb3b87d49bf5c678b641458b, type: 3}
      propertyPath: m_LocalEulerAnglesHint.y
      value: 0
      objectReference: {fileID: 0}
    - target: {fileID: 4403703232933690591, guid: d003674dcb3b87d49bf5c678b641458b, type: 3}
      propertyPath: m_LocalEulerAnglesHint.z
      value: -32
      objectReference: {fileID: 0}
    - target: {fileID: 5461692938945643398, guid: d003674dcb3b87d49bf5c678b641458b, type: 3}
      propertyPath: speed
      value: 13
      objectReference: {fileID: 0}
    - target: {fileID: 5461692938945643398, guid: d003674dcb3b87d49bf5c678b641458b, type: 3}
      propertyPath: lifetime
      value: 0.3
      objectReference: {fileID: 0}
    - target: {fileID: 5461692938945643398, guid: d003674dcb3b87d49bf5c678b641458b, type: 3}
      propertyPath: damagePoints
      value: 2
      objectReference: {fileID: 0}
    m_RemovedComponents: []
  m_SourcePrefab: {fileID: 100100000, guid: d003674dcb3b87d49bf5c678b641458b, type: 3}
--- !u!224 &2914572955709382801 stripped
RectTransform:
  m_CorrespondingSourceObject: {fileID: 4403703232933690591, guid: d003674dcb3b87d49bf5c678b641458b, type: 3}
  m_PrefabInstance: {fileID: 1544660366808898638}
  m_PrefabAsset: {fileID: 0}
--- !u!1001 &2547094799262593570
PrefabInstance:
  m_ObjectHideFlags: 0
  serializedVersion: 2
  m_Modification:
    m_TransformParent: {fileID: 2471882942306158570}
    m_Modifications:
    - target: {fileID: 4058147482480278645, guid: d003674dcb3b87d49bf5c678b641458b, type: 3}
      propertyPath: m_Name
      value: ProjectileBase (4)
      objectReference: {fileID: 0}
    - target: {fileID: 4403703232933690591, guid: d003674dcb3b87d49bf5c678b641458b, type: 3}
      propertyPath: m_Pivot.x
      value: 0.5
      objectReference: {fileID: 0}
    - target: {fileID: 4403703232933690591, guid: d003674dcb3b87d49bf5c678b641458b, type: 3}
      propertyPath: m_Pivot.y
      value: 0.5
      objectReference: {fileID: 0}
    - target: {fileID: 4403703232933690591, guid: d003674dcb3b87d49bf5c678b641458b, type: 3}
      propertyPath: m_RootOrder
      value: 4
      objectReference: {fileID: 0}
    - target: {fileID: 4403703232933690591, guid: d003674dcb3b87d49bf5c678b641458b, type: 3}
      propertyPath: m_AnchorMax.x
      value: 0.5
      objectReference: {fileID: 0}
    - target: {fileID: 4403703232933690591, guid: d003674dcb3b87d49bf5c678b641458b, type: 3}
      propertyPath: m_AnchorMax.y
      value: 0.5
      objectReference: {fileID: 0}
    - target: {fileID: 4403703232933690591, guid: d003674dcb3b87d49bf5c678b641458b, type: 3}
      propertyPath: m_AnchorMin.x
      value: 0.5
      objectReference: {fileID: 0}
    - target: {fileID: 4403703232933690591, guid: d003674dcb3b87d49bf5c678b641458b, type: 3}
      propertyPath: m_AnchorMin.y
      value: 0.5
      objectReference: {fileID: 0}
    - target: {fileID: 4403703232933690591, guid: d003674dcb3b87d49bf5c678b641458b, type: 3}
      propertyPath: m_SizeDelta.x
      value: 30
      objectReference: {fileID: 0}
    - target: {fileID: 4403703232933690591, guid: d003674dcb3b87d49bf5c678b641458b, type: 3}
      propertyPath: m_SizeDelta.y
      value: 30
      objectReference: {fileID: 0}
    - target: {fileID: 4403703232933690591, guid: d003674dcb3b87d49bf5c678b641458b, type: 3}
      propertyPath: m_LocalScale.x
      value: 0.2
      objectReference: {fileID: 0}
    - target: {fileID: 4403703232933690591, guid: d003674dcb3b87d49bf5c678b641458b, type: 3}
      propertyPath: m_LocalScale.y
      value: 0.2
      objectReference: {fileID: 0}
    - target: {fileID: 4403703232933690591, guid: d003674dcb3b87d49bf5c678b641458b, type: 3}
      propertyPath: m_LocalScale.z
      value: 0.2
      objectReference: {fileID: 0}
    - target: {fileID: 4403703232933690591, guid: d003674dcb3b87d49bf5c678b641458b, type: 3}
      propertyPath: m_LocalPosition.x
      value: 0
      objectReference: {fileID: 0}
    - target: {fileID: 4403703232933690591, guid: d003674dcb3b87d49bf5c678b641458b, type: 3}
      propertyPath: m_LocalPosition.y
      value: 0
      objectReference: {fileID: 0}
    - target: {fileID: 4403703232933690591, guid: d003674dcb3b87d49bf5c678b641458b, type: 3}
      propertyPath: m_LocalPosition.z
      value: 0
      objectReference: {fileID: 0}
    - target: {fileID: 4403703232933690591, guid: d003674dcb3b87d49bf5c678b641458b, type: 3}
      propertyPath: m_LocalRotation.w
      value: 1
      objectReference: {fileID: 0}
    - target: {fileID: 4403703232933690591, guid: d003674dcb3b87d49bf5c678b641458b, type: 3}
      propertyPath: m_LocalRotation.x
      value: 0
      objectReference: {fileID: 0}
    - target: {fileID: 4403703232933690591, guid: d003674dcb3b87d49bf5c678b641458b, type: 3}
      propertyPath: m_LocalRotation.y
      value: 0
      objectReference: {fileID: 0}
    - target: {fileID: 4403703232933690591, guid: d003674dcb3b87d49bf5c678b641458b, type: 3}
      propertyPath: m_LocalRotation.z
      value: 0
      objectReference: {fileID: 0}
    - target: {fileID: 4403703232933690591, guid: d003674dcb3b87d49bf5c678b641458b, type: 3}
      propertyPath: m_AnchoredPosition.x
      value: 0
      objectReference: {fileID: 0}
    - target: {fileID: 4403703232933690591, guid: d003674dcb3b87d49bf5c678b641458b, type: 3}
      propertyPath: m_AnchoredPosition.y
      value: 0
      objectReference: {fileID: 0}
    - target: {fileID: 4403703232933690591, guid: d003674dcb3b87d49bf5c678b641458b, type: 3}
      propertyPath: m_LocalEulerAnglesHint.x
      value: 0
      objectReference: {fileID: 0}
    - target: {fileID: 4403703232933690591, guid: d003674dcb3b87d49bf5c678b641458b, type: 3}
      propertyPath: m_LocalEulerAnglesHint.y
      value: 0
      objectReference: {fileID: 0}
    - target: {fileID: 4403703232933690591, guid: d003674dcb3b87d49bf5c678b641458b, type: 3}
      propertyPath: m_LocalEulerAnglesHint.z
      value: 0
      objectReference: {fileID: 0}
    - target: {fileID: 5461692938945643398, guid: d003674dcb3b87d49bf5c678b641458b, type: 3}
      propertyPath: speed
      value: 13
      objectReference: {fileID: 0}
    - target: {fileID: 5461692938945643398, guid: d003674dcb3b87d49bf5c678b641458b, type: 3}
      propertyPath: lifetime
      value: 0.3
      objectReference: {fileID: 0}
    - target: {fileID: 5461692938945643398, guid: d003674dcb3b87d49bf5c678b641458b, type: 3}
      propertyPath: damagePoints
      value: 2
      objectReference: {fileID: 0}
    m_RemovedComponents: []
  m_SourcePrefab: {fileID: 100100000, guid: d003674dcb3b87d49bf5c678b641458b, type: 3}
--- !u!224 &2180870299787644669 stripped
RectTransform:
  m_CorrespondingSourceObject: {fileID: 4403703232933690591, guid: d003674dcb3b87d49bf5c678b641458b, type: 3}
  m_PrefabInstance: {fileID: 2547094799262593570}
  m_PrefabAsset: {fileID: 0}
--- !u!1001 &2669311896322572638
PrefabInstance:
  m_ObjectHideFlags: 0
  serializedVersion: 2
  m_Modification:
    m_TransformParent: {fileID: 2471882942306158570}
    m_Modifications:
    - target: {fileID: 4058147482480278645, guid: d003674dcb3b87d49bf5c678b641458b, type: 3}
      propertyPath: m_Name
      value: ProjectileBase
      objectReference: {fileID: 0}
    - target: {fileID: 4403703232933690591, guid: d003674dcb3b87d49bf5c678b641458b, type: 3}
      propertyPath: m_Pivot.x
      value: 0.5
      objectReference: {fileID: 0}
    - target: {fileID: 4403703232933690591, guid: d003674dcb3b87d49bf5c678b641458b, type: 3}
      propertyPath: m_Pivot.y
      value: 0.5
      objectReference: {fileID: 0}
    - target: {fileID: 4403703232933690591, guid: d003674dcb3b87d49bf5c678b641458b, type: 3}
      propertyPath: m_RootOrder
      value: 0
      objectReference: {fileID: 0}
    - target: {fileID: 4403703232933690591, guid: d003674dcb3b87d49bf5c678b641458b, type: 3}
      propertyPath: m_AnchorMax.x
      value: 0.5
      objectReference: {fileID: 0}
    - target: {fileID: 4403703232933690591, guid: d003674dcb3b87d49bf5c678b641458b, type: 3}
      propertyPath: m_AnchorMax.y
      value: 0.5
      objectReference: {fileID: 0}
    - target: {fileID: 4403703232933690591, guid: d003674dcb3b87d49bf5c678b641458b, type: 3}
      propertyPath: m_AnchorMin.x
      value: 0.5
      objectReference: {fileID: 0}
    - target: {fileID: 4403703232933690591, guid: d003674dcb3b87d49bf5c678b641458b, type: 3}
      propertyPath: m_AnchorMin.y
      value: 0.5
      objectReference: {fileID: 0}
    - target: {fileID: 4403703232933690591, guid: d003674dcb3b87d49bf5c678b641458b, type: 3}
      propertyPath: m_SizeDelta.x
      value: 30
      objectReference: {fileID: 0}
    - target: {fileID: 4403703232933690591, guid: d003674dcb3b87d49bf5c678b641458b, type: 3}
      propertyPath: m_SizeDelta.y
      value: 30
      objectReference: {fileID: 0}
    - target: {fileID: 4403703232933690591, guid: d003674dcb3b87d49bf5c678b641458b, type: 3}
      propertyPath: m_LocalScale.x
      value: 0.2
      objectReference: {fileID: 0}
    - target: {fileID: 4403703232933690591, guid: d003674dcb3b87d49bf5c678b641458b, type: 3}
      propertyPath: m_LocalScale.y
      value: 0.2
      objectReference: {fileID: 0}
    - target: {fileID: 4403703232933690591, guid: d003674dcb3b87d49bf5c678b641458b, type: 3}
      propertyPath: m_LocalScale.z
      value: 0.2
      objectReference: {fileID: 0}
    - target: {fileID: 4403703232933690591, guid: d003674dcb3b87d49bf5c678b641458b, type: 3}
      propertyPath: m_LocalPosition.x
      value: 0
      objectReference: {fileID: 0}
    - target: {fileID: 4403703232933690591, guid: d003674dcb3b87d49bf5c678b641458b, type: 3}
      propertyPath: m_LocalPosition.y
      value: 0
      objectReference: {fileID: 0}
    - target: {fileID: 4403703232933690591, guid: d003674dcb3b87d49bf5c678b641458b, type: 3}
      propertyPath: m_LocalPosition.z
      value: 0
      objectReference: {fileID: 0}
    - target: {fileID: 4403703232933690591, guid: d003674dcb3b87d49bf5c678b641458b, type: 3}
      propertyPath: m_LocalRotation.w
      value: 0.96126175
      objectReference: {fileID: 0}
    - target: {fileID: 4403703232933690591, guid: d003674dcb3b87d49bf5c678b641458b, type: 3}
      propertyPath: m_LocalRotation.x
      value: 0
      objectReference: {fileID: 0}
    - target: {fileID: 4403703232933690591, guid: d003674dcb3b87d49bf5c678b641458b, type: 3}
      propertyPath: m_LocalRotation.y
      value: 0
      objectReference: {fileID: 0}
    - target: {fileID: 4403703232933690591, guid: d003674dcb3b87d49bf5c678b641458b, type: 3}
      propertyPath: m_LocalRotation.z
      value: 0.27563733
      objectReference: {fileID: 0}
    - target: {fileID: 4403703232933690591, guid: d003674dcb3b87d49bf5c678b641458b, type: 3}
      propertyPath: m_AnchoredPosition.x
      value: 0
      objectReference: {fileID: 0}
    - target: {fileID: 4403703232933690591, guid: d003674dcb3b87d49bf5c678b641458b, type: 3}
      propertyPath: m_AnchoredPosition.y
      value: 0
      objectReference: {fileID: 0}
    - target: {fileID: 4403703232933690591, guid: d003674dcb3b87d49bf5c678b641458b, type: 3}
      propertyPath: m_LocalEulerAnglesHint.x
      value: 0
      objectReference: {fileID: 0}
    - target: {fileID: 4403703232933690591, guid: d003674dcb3b87d49bf5c678b641458b, type: 3}
      propertyPath: m_LocalEulerAnglesHint.y
      value: 0
      objectReference: {fileID: 0}
    - target: {fileID: 4403703232933690591, guid: d003674dcb3b87d49bf5c678b641458b, type: 3}
      propertyPath: m_LocalEulerAnglesHint.z
      value: 32
      objectReference: {fileID: 0}
    - target: {fileID: 5461692938945643398, guid: d003674dcb3b87d49bf5c678b641458b, type: 3}
      propertyPath: speed
      value: 13
      objectReference: {fileID: 0}
    - target: {fileID: 5461692938945643398, guid: d003674dcb3b87d49bf5c678b641458b, type: 3}
      propertyPath: lifetime
      value: 0.3
      objectReference: {fileID: 0}
    - target: {fileID: 5461692938945643398, guid: d003674dcb3b87d49bf5c678b641458b, type: 3}
      propertyPath: damagePoints
      value: 2
      objectReference: {fileID: 0}
    m_RemovedComponents: []
  m_SourcePrefab: {fileID: 100100000, guid: d003674dcb3b87d49bf5c678b641458b, type: 3}
--- !u!224 &1735669009925832065 stripped
RectTransform:
  m_CorrespondingSourceObject: {fileID: 4403703232933690591, guid: d003674dcb3b87d49bf5c678b641458b, type: 3}
  m_PrefabInstance: {fileID: 2669311896322572638}
  m_PrefabAsset: {fileID: 0}
--- !u!1001 &3676115029006904765
PrefabInstance:
  m_ObjectHideFlags: 0
  serializedVersion: 2
  m_Modification:
    m_TransformParent: {fileID: 2471882942306158570}
    m_Modifications:
    - target: {fileID: 4058147482480278645, guid: d003674dcb3b87d49bf5c678b641458b, type: 3}
      propertyPath: m_Name
      value: ProjectileBase (3)
      objectReference: {fileID: 0}
    - target: {fileID: 4403703232933690591, guid: d003674dcb3b87d49bf5c678b641458b, type: 3}
      propertyPath: m_Pivot.x
      value: 0.5
      objectReference: {fileID: 0}
    - target: {fileID: 4403703232933690591, guid: d003674dcb3b87d49bf5c678b641458b, type: 3}
      propertyPath: m_Pivot.y
      value: 0.5
      objectReference: {fileID: 0}
    - target: {fileID: 4403703232933690591, guid: d003674dcb3b87d49bf5c678b641458b, type: 3}
      propertyPath: m_RootOrder
      value: 3
      objectReference: {fileID: 0}
    - target: {fileID: 4403703232933690591, guid: d003674dcb3b87d49bf5c678b641458b, type: 3}
      propertyPath: m_AnchorMax.x
      value: 0.5
      objectReference: {fileID: 0}
    - target: {fileID: 4403703232933690591, guid: d003674dcb3b87d49bf5c678b641458b, type: 3}
      propertyPath: m_AnchorMax.y
      value: 0.5
      objectReference: {fileID: 0}
    - target: {fileID: 4403703232933690591, guid: d003674dcb3b87d49bf5c678b641458b, type: 3}
      propertyPath: m_AnchorMin.x
      value: 0.5
      objectReference: {fileID: 0}
    - target: {fileID: 4403703232933690591, guid: d003674dcb3b87d49bf5c678b641458b, type: 3}
      propertyPath: m_AnchorMin.y
      value: 0.5
      objectReference: {fileID: 0}
    - target: {fileID: 4403703232933690591, guid: d003674dcb3b87d49bf5c678b641458b, type: 3}
      propertyPath: m_SizeDelta.x
      value: 30
      objectReference: {fileID: 0}
    - target: {fileID: 4403703232933690591, guid: d003674dcb3b87d49bf5c678b641458b, type: 3}
      propertyPath: m_SizeDelta.y
      value: 30
      objectReference: {fileID: 0}
    - target: {fileID: 4403703232933690591, guid: d003674dcb3b87d49bf5c678b641458b, type: 3}
      propertyPath: m_LocalScale.x
      value: 0.2
      objectReference: {fileID: 0}
    - target: {fileID: 4403703232933690591, guid: d003674dcb3b87d49bf5c678b641458b, type: 3}
      propertyPath: m_LocalScale.y
      value: 0.2
      objectReference: {fileID: 0}
    - target: {fileID: 4403703232933690591, guid: d003674dcb3b87d49bf5c678b641458b, type: 3}
      propertyPath: m_LocalScale.z
      value: 0.2
      objectReference: {fileID: 0}
    - target: {fileID: 4403703232933690591, guid: d003674dcb3b87d49bf5c678b641458b, type: 3}
      propertyPath: m_LocalPosition.x
      value: 0
      objectReference: {fileID: 0}
    - target: {fileID: 4403703232933690591, guid: d003674dcb3b87d49bf5c678b641458b, type: 3}
      propertyPath: m_LocalPosition.y
      value: 0
      objectReference: {fileID: 0}
    - target: {fileID: 4403703232933690591, guid: d003674dcb3b87d49bf5c678b641458b, type: 3}
      propertyPath: m_LocalPosition.z
      value: 0
      objectReference: {fileID: 0}
    - target: {fileID: 4403703232933690591, guid: d003674dcb3b87d49bf5c678b641458b, type: 3}
      propertyPath: m_LocalRotation.w
      value: 0.9975641
      objectReference: {fileID: 0}
    - target: {fileID: 4403703232933690591, guid: d003674dcb3b87d49bf5c678b641458b, type: 3}
      propertyPath: m_LocalRotation.x
      value: 0
      objectReference: {fileID: 0}
    - target: {fileID: 4403703232933690591, guid: d003674dcb3b87d49bf5c678b641458b, type: 3}
      propertyPath: m_LocalRotation.y
      value: 0
      objectReference: {fileID: 0}
    - target: {fileID: 4403703232933690591, guid: d003674dcb3b87d49bf5c678b641458b, type: 3}
      propertyPath: m_LocalRotation.z
      value: 0.06975647
      objectReference: {fileID: 0}
    - target: {fileID: 4403703232933690591, guid: d003674dcb3b87d49bf5c678b641458b, type: 3}
      propertyPath: m_AnchoredPosition.x
      value: 0
      objectReference: {fileID: 0}
    - target: {fileID: 4403703232933690591, guid: d003674dcb3b87d49bf5c678b641458b, type: 3}
      propertyPath: m_AnchoredPosition.y
      value: 0
      objectReference: {fileID: 0}
    - target: {fileID: 4403703232933690591, guid: d003674dcb3b87d49bf5c678b641458b, type: 3}
      propertyPath: m_LocalEulerAnglesHint.x
      value: 0
      objectReference: {fileID: 0}
    - target: {fileID: 4403703232933690591, guid: d003674dcb3b87d49bf5c678b641458b, type: 3}
      propertyPath: m_LocalEulerAnglesHint.y
      value: 0
      objectReference: {fileID: 0}
    - target: {fileID: 4403703232933690591, guid: d003674dcb3b87d49bf5c678b641458b, type: 3}
      propertyPath: m_LocalEulerAnglesHint.z
      value: 8
      objectReference: {fileID: 0}
    - target: {fileID: 5461692938945643398, guid: d003674dcb3b87d49bf5c678b641458b, type: 3}
      propertyPath: speed
      value: 13
      objectReference: {fileID: 0}
    - target: {fileID: 5461692938945643398, guid: d003674dcb3b87d49bf5c678b641458b, type: 3}
      propertyPath: lifetime
      value: 0.3
      objectReference: {fileID: 0}
    - target: {fileID: 5461692938945643398, guid: d003674dcb3b87d49bf5c678b641458b, type: 3}
      propertyPath: damagePoints
      value: 2
      objectReference: {fileID: 0}
    m_RemovedComponents: []
  m_SourcePrefab: {fileID: 100100000, guid: d003674dcb3b87d49bf5c678b641458b, type: 3}
--- !u!224 &1015904653913493858 stripped
RectTransform:
  m_CorrespondingSourceObject: {fileID: 4403703232933690591, guid: d003674dcb3b87d49bf5c678b641458b, type: 3}
  m_PrefabInstance: {fileID: 3676115029006904765}
  m_PrefabAsset: {fileID: 0}
--- !u!1001 &3935539637829666109
PrefabInstance:
  m_ObjectHideFlags: 0
  serializedVersion: 2
  m_Modification:
    m_TransformParent: {fileID: 2471882942306158570}
    m_Modifications:
    - target: {fileID: 4058147482480278645, guid: d003674dcb3b87d49bf5c678b641458b, type: 3}
      propertyPath: m_Name
      value: ProjectileBase (1)
      objectReference: {fileID: 0}
    - target: {fileID: 4403703232933690591, guid: d003674dcb3b87d49bf5c678b641458b, type: 3}
      propertyPath: m_Pivot.x
      value: 0.5
      objectReference: {fileID: 0}
    - target: {fileID: 4403703232933690591, guid: d003674dcb3b87d49bf5c678b641458b, type: 3}
      propertyPath: m_Pivot.y
      value: 0.5
      objectReference: {fileID: 0}
    - target: {fileID: 4403703232933690591, guid: d003674dcb3b87d49bf5c678b641458b, type: 3}
      propertyPath: m_RootOrder
      value: 1
      objectReference: {fileID: 0}
    - target: {fileID: 4403703232933690591, guid: d003674dcb3b87d49bf5c678b641458b, type: 3}
      propertyPath: m_AnchorMax.x
      value: 0.5
      objectReference: {fileID: 0}
    - target: {fileID: 4403703232933690591, guid: d003674dcb3b87d49bf5c678b641458b, type: 3}
      propertyPath: m_AnchorMax.y
      value: 0.5
      objectReference: {fileID: 0}
    - target: {fileID: 4403703232933690591, guid: d003674dcb3b87d49bf5c678b641458b, type: 3}
      propertyPath: m_AnchorMin.x
      value: 0.5
      objectReference: {fileID: 0}
    - target: {fileID: 4403703232933690591, guid: d003674dcb3b87d49bf5c678b641458b, type: 3}
      propertyPath: m_AnchorMin.y
      value: 0.5
      objectReference: {fileID: 0}
    - target: {fileID: 4403703232933690591, guid: d003674dcb3b87d49bf5c678b641458b, type: 3}
      propertyPath: m_SizeDelta.x
      value: 30
      objectReference: {fileID: 0}
    - target: {fileID: 4403703232933690591, guid: d003674dcb3b87d49bf5c678b641458b, type: 3}
      propertyPath: m_SizeDelta.y
      value: 30
      objectReference: {fileID: 0}
    - target: {fileID: 4403703232933690591, guid: d003674dcb3b87d49bf5c678b641458b, type: 3}
      propertyPath: m_LocalScale.x
      value: 0.2
      objectReference: {fileID: 0}
    - target: {fileID: 4403703232933690591, guid: d003674dcb3b87d49bf5c678b641458b, type: 3}
      propertyPath: m_LocalScale.y
      value: 0.2
      objectReference: {fileID: 0}
    - target: {fileID: 4403703232933690591, guid: d003674dcb3b87d49bf5c678b641458b, type: 3}
      propertyPath: m_LocalScale.z
      value: 0.2
      objectReference: {fileID: 0}
    - target: {fileID: 4403703232933690591, guid: d003674dcb3b87d49bf5c678b641458b, type: 3}
      propertyPath: m_LocalPosition.x
      value: 0
      objectReference: {fileID: 0}
    - target: {fileID: 4403703232933690591, guid: d003674dcb3b87d49bf5c678b641458b, type: 3}
      propertyPath: m_LocalPosition.y
      value: 0
      objectReference: {fileID: 0}
    - target: {fileID: 4403703232933690591, guid: d003674dcb3b87d49bf5c678b641458b, type: 3}
      propertyPath: m_LocalPosition.z
      value: 0
      objectReference: {fileID: 0}
    - target: {fileID: 4403703232933690591, guid: d003674dcb3b87d49bf5c678b641458b, type: 3}
      propertyPath: m_LocalRotation.w
      value: 0.9781476
      objectReference: {fileID: 0}
    - target: {fileID: 4403703232933690591, guid: d003674dcb3b87d49bf5c678b641458b, type: 3}
      propertyPath: m_LocalRotation.x
      value: 0
      objectReference: {fileID: 0}
    - target: {fileID: 4403703232933690591, guid: d003674dcb3b87d49bf5c678b641458b, type: 3}
      propertyPath: m_LocalRotation.y
      value: 0
      objectReference: {fileID: 0}
    - target: {fileID: 4403703232933690591, guid: d003674dcb3b87d49bf5c678b641458b, type: 3}
      propertyPath: m_LocalRotation.z
      value: 0.20791169
      objectReference: {fileID: 0}
    - target: {fileID: 4403703232933690591, guid: d003674dcb3b87d49bf5c678b641458b, type: 3}
      propertyPath: m_AnchoredPosition.x
      value: 0
      objectReference: {fileID: 0}
    - target: {fileID: 4403703232933690591, guid: d003674dcb3b87d49bf5c678b641458b, type: 3}
      propertyPath: m_AnchoredPosition.y
      value: 0
      objectReference: {fileID: 0}
    - target: {fileID: 4403703232933690591, guid: d003674dcb3b87d49bf5c678b641458b, type: 3}
      propertyPath: m_LocalEulerAnglesHint.x
      value: 0
      objectReference: {fileID: 0}
    - target: {fileID: 4403703232933690591, guid: d003674dcb3b87d49bf5c678b641458b, type: 3}
      propertyPath: m_LocalEulerAnglesHint.y
      value: 0
      objectReference: {fileID: 0}
    - target: {fileID: 4403703232933690591, guid: d003674dcb3b87d49bf5c678b641458b, type: 3}
      propertyPath: m_LocalEulerAnglesHint.z
      value: 24
      objectReference: {fileID: 0}
    - target: {fileID: 5461692938945643398, guid: d003674dcb3b87d49bf5c678b641458b, type: 3}
      propertyPath: speed
      value: 13
      objectReference: {fileID: 0}
    - target: {fileID: 5461692938945643398, guid: d003674dcb3b87d49bf5c678b641458b, type: 3}
      propertyPath: lifetime
      value: 0.3
      objectReference: {fileID: 0}
    - target: {fileID: 5461692938945643398, guid: d003674dcb3b87d49bf5c678b641458b, type: 3}
      propertyPath: damagePoints
      value: 2
      objectReference: {fileID: 0}
    m_RemovedComponents: []
  m_SourcePrefab: {fileID: 100100000, guid: d003674dcb3b87d49bf5c678b641458b, type: 3}
--- !u!224 &828874198667426274 stripped
RectTransform:
  m_CorrespondingSourceObject: {fileID: 4403703232933690591, guid: d003674dcb3b87d49bf5c678b641458b, type: 3}
  m_PrefabInstance: {fileID: 3935539637829666109}
  m_PrefabAsset: {fileID: 0}
--- !u!1001 &4618428135115307252
PrefabInstance:
  m_ObjectHideFlags: 0
  serializedVersion: 2
  m_Modification:
    m_TransformParent: {fileID: 2471882942306158570}
    m_Modifications:
    - target: {fileID: 4058147482480278645, guid: d003674dcb3b87d49bf5c678b641458b, type: 3}
      propertyPath: m_Name
      value: ProjectileBase (7)
      objectReference: {fileID: 0}
    - target: {fileID: 4403703232933690591, guid: d003674dcb3b87d49bf5c678b641458b, type: 3}
      propertyPath: m_Pivot.x
      value: 0.5
      objectReference: {fileID: 0}
    - target: {fileID: 4403703232933690591, guid: d003674dcb3b87d49bf5c678b641458b, type: 3}
      propertyPath: m_Pivot.y
      value: 0.5
      objectReference: {fileID: 0}
    - target: {fileID: 4403703232933690591, guid: d003674dcb3b87d49bf5c678b641458b, type: 3}
      propertyPath: m_RootOrder
      value: 7
      objectReference: {fileID: 0}
    - target: {fileID: 4403703232933690591, guid: d003674dcb3b87d49bf5c678b641458b, type: 3}
      propertyPath: m_AnchorMax.x
      value: 0.5
      objectReference: {fileID: 0}
    - target: {fileID: 4403703232933690591, guid: d003674dcb3b87d49bf5c678b641458b, type: 3}
      propertyPath: m_AnchorMax.y
      value: 0.5
      objectReference: {fileID: 0}
    - target: {fileID: 4403703232933690591, guid: d003674dcb3b87d49bf5c678b641458b, type: 3}
      propertyPath: m_AnchorMin.x
      value: 0.5
      objectReference: {fileID: 0}
    - target: {fileID: 4403703232933690591, guid: d003674dcb3b87d49bf5c678b641458b, type: 3}
      propertyPath: m_AnchorMin.y
      value: 0.5
      objectReference: {fileID: 0}
    - target: {fileID: 4403703232933690591, guid: d003674dcb3b87d49bf5c678b641458b, type: 3}
      propertyPath: m_SizeDelta.x
      value: 30
      objectReference: {fileID: 0}
    - target: {fileID: 4403703232933690591, guid: d003674dcb3b87d49bf5c678b641458b, type: 3}
      propertyPath: m_SizeDelta.y
      value: 30
      objectReference: {fileID: 0}
    - target: {fileID: 4403703232933690591, guid: d003674dcb3b87d49bf5c678b641458b, type: 3}
      propertyPath: m_LocalScale.x
      value: 0.2
      objectReference: {fileID: 0}
    - target: {fileID: 4403703232933690591, guid: d003674dcb3b87d49bf5c678b641458b, type: 3}
      propertyPath: m_LocalScale.y
      value: 0.2
      objectReference: {fileID: 0}
    - target: {fileID: 4403703232933690591, guid: d003674dcb3b87d49bf5c678b641458b, type: 3}
      propertyPath: m_LocalScale.z
      value: 0.2
      objectReference: {fileID: 0}
    - target: {fileID: 4403703232933690591, guid: d003674dcb3b87d49bf5c678b641458b, type: 3}
      propertyPath: m_LocalPosition.x
      value: 0
      objectReference: {fileID: 0}
    - target: {fileID: 4403703232933690591, guid: d003674dcb3b87d49bf5c678b641458b, type: 3}
      propertyPath: m_LocalPosition.y
      value: 0
      objectReference: {fileID: 0}
    - target: {fileID: 4403703232933690591, guid: d003674dcb3b87d49bf5c678b641458b, type: 3}
      propertyPath: m_LocalPosition.z
      value: 0
      objectReference: {fileID: 0}
    - target: {fileID: 4403703232933690591, guid: d003674dcb3b87d49bf5c678b641458b, type: 3}
      propertyPath: m_LocalRotation.w
      value: 0.9781476
      objectReference: {fileID: 0}
    - target: {fileID: 4403703232933690591, guid: d003674dcb3b87d49bf5c678b641458b, type: 3}
      propertyPath: m_LocalRotation.x
      value: 0
      objectReference: {fileID: 0}
    - target: {fileID: 4403703232933690591, guid: d003674dcb3b87d49bf5c678b641458b, type: 3}
      propertyPath: m_LocalRotation.y
      value: 0
      objectReference: {fileID: 0}
    - target: {fileID: 4403703232933690591, guid: d003674dcb3b87d49bf5c678b641458b, type: 3}
      propertyPath: m_LocalRotation.z
      value: -0.20791169
      objectReference: {fileID: 0}
    - target: {fileID: 4403703232933690591, guid: d003674dcb3b87d49bf5c678b641458b, type: 3}
      propertyPath: m_AnchoredPosition.x
      value: 0
      objectReference: {fileID: 0}
    - target: {fileID: 4403703232933690591, guid: d003674dcb3b87d49bf5c678b641458b, type: 3}
      propertyPath: m_AnchoredPosition.y
      value: 0
      objectReference: {fileID: 0}
    - target: {fileID: 4403703232933690591, guid: d003674dcb3b87d49bf5c678b641458b, type: 3}
      propertyPath: m_LocalEulerAnglesHint.x
      value: 0
      objectReference: {fileID: 0}
    - target: {fileID: 4403703232933690591, guid: d003674dcb3b87d49bf5c678b641458b, type: 3}
      propertyPath: m_LocalEulerAnglesHint.y
      value: 0
      objectReference: {fileID: 0}
    - target: {fileID: 4403703232933690591, guid: d003674dcb3b87d49bf5c678b641458b, type: 3}
      propertyPath: m_LocalEulerAnglesHint.z
      value: -24
      objectReference: {fileID: 0}
    - target: {fileID: 5461692938945643398, guid: d003674dcb3b87d49bf5c678b641458b, type: 3}
      propertyPath: speed
      value: 13
      objectReference: {fileID: 0}
    - target: {fileID: 5461692938945643398, guid: d003674dcb3b87d49bf5c678b641458b, type: 3}
      propertyPath: lifetime
      value: 0.3
      objectReference: {fileID: 0}
    - target: {fileID: 5461692938945643398, guid: d003674dcb3b87d49bf5c678b641458b, type: 3}
      propertyPath: damagePoints
      value: 2
      objectReference: {fileID: 0}
    m_RemovedComponents: []
  m_SourcePrefab: {fileID: 100100000, guid: d003674dcb3b87d49bf5c678b641458b, type: 3}
--- !u!224 &9010272567737959467 stripped
RectTransform:
  m_CorrespondingSourceObject: {fileID: 4403703232933690591, guid: d003674dcb3b87d49bf5c678b641458b, type: 3}
  m_PrefabInstance: {fileID: 4618428135115307252}
  m_PrefabAsset: {fileID: 0}
--- !u!1001 &4626342452273783960
PrefabInstance:
  m_ObjectHideFlags: 0
  serializedVersion: 2
  m_Modification:
    m_TransformParent: {fileID: 2471882942306158570}
    m_Modifications:
    - target: {fileID: 4058147482480278645, guid: d003674dcb3b87d49bf5c678b641458b, type: 3}
      propertyPath: m_Name
      value: ProjectileBase (5)
      objectReference: {fileID: 0}
    - target: {fileID: 4403703232933690591, guid: d003674dcb3b87d49bf5c678b641458b, type: 3}
      propertyPath: m_Pivot.x
      value: 0.5
      objectReference: {fileID: 0}
    - target: {fileID: 4403703232933690591, guid: d003674dcb3b87d49bf5c678b641458b, type: 3}
      propertyPath: m_Pivot.y
      value: 0.5
      objectReference: {fileID: 0}
    - target: {fileID: 4403703232933690591, guid: d003674dcb3b87d49bf5c678b641458b, type: 3}
      propertyPath: m_RootOrder
      value: 5
      objectReference: {fileID: 0}
    - target: {fileID: 4403703232933690591, guid: d003674dcb3b87d49bf5c678b641458b, type: 3}
      propertyPath: m_AnchorMax.x
      value: 0.5
      objectReference: {fileID: 0}
    - target: {fileID: 4403703232933690591, guid: d003674dcb3b87d49bf5c678b641458b, type: 3}
      propertyPath: m_AnchorMax.y
      value: 0.5
      objectReference: {fileID: 0}
    - target: {fileID: 4403703232933690591, guid: d003674dcb3b87d49bf5c678b641458b, type: 3}
      propertyPath: m_AnchorMin.x
      value: 0.5
      objectReference: {fileID: 0}
    - target: {fileID: 4403703232933690591, guid: d003674dcb3b87d49bf5c678b641458b, type: 3}
      propertyPath: m_AnchorMin.y
      value: 0.5
      objectReference: {fileID: 0}
    - target: {fileID: 4403703232933690591, guid: d003674dcb3b87d49bf5c678b641458b, type: 3}
      propertyPath: m_SizeDelta.x
      value: 30
      objectReference: {fileID: 0}
    - target: {fileID: 4403703232933690591, guid: d003674dcb3b87d49bf5c678b641458b, type: 3}
      propertyPath: m_SizeDelta.y
      value: 30
      objectReference: {fileID: 0}
    - target: {fileID: 4403703232933690591, guid: d003674dcb3b87d49bf5c678b641458b, type: 3}
      propertyPath: m_LocalScale.x
      value: 0.2
      objectReference: {fileID: 0}
    - target: {fileID: 4403703232933690591, guid: d003674dcb3b87d49bf5c678b641458b, type: 3}
      propertyPath: m_LocalScale.y
      value: 0.2
      objectReference: {fileID: 0}
    - target: {fileID: 4403703232933690591, guid: d003674dcb3b87d49bf5c678b641458b, type: 3}
      propertyPath: m_LocalScale.z
      value: 0.2
      objectReference: {fileID: 0}
    - target: {fileID: 4403703232933690591, guid: d003674dcb3b87d49bf5c678b641458b, type: 3}
      propertyPath: m_LocalPosition.x
      value: 0
      objectReference: {fileID: 0}
    - target: {fileID: 4403703232933690591, guid: d003674dcb3b87d49bf5c678b641458b, type: 3}
      propertyPath: m_LocalPosition.y
      value: 0
      objectReference: {fileID: 0}
    - target: {fileID: 4403703232933690591, guid: d003674dcb3b87d49bf5c678b641458b, type: 3}
      propertyPath: m_LocalPosition.z
      value: 0
      objectReference: {fileID: 0}
    - target: {fileID: 4403703232933690591, guid: d003674dcb3b87d49bf5c678b641458b, type: 3}
      propertyPath: m_LocalRotation.w
      value: 0.9975641
      objectReference: {fileID: 0}
    - target: {fileID: 4403703232933690591, guid: d003674dcb3b87d49bf5c678b641458b, type: 3}
      propertyPath: m_LocalRotation.x
      value: 0
      objectReference: {fileID: 0}
    - target: {fileID: 4403703232933690591, guid: d003674dcb3b87d49bf5c678b641458b, type: 3}
      propertyPath: m_LocalRotation.y
      value: 0
      objectReference: {fileID: 0}
    - target: {fileID: 4403703232933690591, guid: d003674dcb3b87d49bf5c678b641458b, type: 3}
      propertyPath: m_LocalRotation.z
      value: -0.06975647
      objectReference: {fileID: 0}
    - target: {fileID: 4403703232933690591, guid: d003674dcb3b87d49bf5c678b641458b, type: 3}
      propertyPath: m_AnchoredPosition.x
      value: 0
      objectReference: {fileID: 0}
    - target: {fileID: 4403703232933690591, guid: d003674dcb3b87d49bf5c678b641458b, type: 3}
      propertyPath: m_AnchoredPosition.y
      value: 0
      objectReference: {fileID: 0}
    - target: {fileID: 4403703232933690591, guid: d003674dcb3b87d49bf5c678b641458b, type: 3}
      propertyPath: m_LocalEulerAnglesHint.x
      value: 0
      objectReference: {fileID: 0}
    - target: {fileID: 4403703232933690591, guid: d003674dcb3b87d49bf5c678b641458b, type: 3}
      propertyPath: m_LocalEulerAnglesHint.y
      value: 0
      objectReference: {fileID: 0}
    - target: {fileID: 4403703232933690591, guid: d003674dcb3b87d49bf5c678b641458b, type: 3}
      propertyPath: m_LocalEulerAnglesHint.z
      value: -8
      objectReference: {fileID: 0}
    - target: {fileID: 5461692938945643398, guid: d003674dcb3b87d49bf5c678b641458b, type: 3}
      propertyPath: speed
      value: 13
      objectReference: {fileID: 0}
    - target: {fileID: 5461692938945643398, guid: d003674dcb3b87d49bf5c678b641458b, type: 3}
      propertyPath: lifetime
      value: 0.3
      objectReference: {fileID: 0}
    - target: {fileID: 5461692938945643398, guid: d003674dcb3b87d49bf5c678b641458b, type: 3}
      propertyPath: damagePoints
      value: 2
      objectReference: {fileID: 0}
    m_RemovedComponents: []
  m_SourcePrefab: {fileID: 100100000, guid: d003674dcb3b87d49bf5c678b641458b, type: 3}
--- !u!224 &9018749833809680455 stripped
RectTransform:
  m_CorrespondingSourceObject: {fileID: 4403703232933690591, guid: d003674dcb3b87d49bf5c678b641458b, type: 3}
  m_PrefabInstance: {fileID: 4626342452273783960}
  m_PrefabAsset: {fileID: 0}
